@article{anderson2014tech,
  title={Technical Manual: easyCBM. Technical Report\# 1408.},
  author={Anderson, Daniel and Alonzo, Julie and Tindal, Gerald and Farley, Dan and Irvin, P Shawn and Lai, Cheng-Fei and Saven, Jessica L and Wray, Kraig A},
  journal={Behavioral Research and Teaching},
  year={2014},
  publisher={ERIC}
}
@article{alonzotindal2007,
  title={The Development of Word and Passage Reading Fluency Measures for Use in a Progress Monitoring Assessment System. Technical Report\# 40.},
  author={Alonzo, Julie and Tindal, Gerald},
  journal={Behavioral Research and Teaching},
  year={2007},
  publisher={ERIC}
}
@article{jamgochian2010tech,
  title={Technical Adequacy of the easyCBM Grade 2 Reading Measures. Technical Report\# 1004.},
  author={Jamgochian, Elisa and Park, Bitnara Jasmine and Nese, Joseph FT and Lai, Cheng-Fei and S{\'a}ez, Leilani and Anderson, Daniel and Alonzo, Julie and Tindal, Gerald},
  journal={Behavioral Research and Teaching},
  year={2010},
  publisher={ERIC}
}
@article{saez2010tech,
  title={Technical Adequacy of the easyCBM Reading Measures (Grades 3-7), 2009-2010 Version. Technical Report\# 1005.},
  author={Saez, Leilani and Park, Bitnara and Nese, Joseph FT and Jamgochian, Elisa and Lai, Cheng-Fei and Anderson, Daniel and Kamata, Akihito and Alonzo, Julie and Tindal, Gerald},
  journal={Behavioral Research and Teaching},
  year={2010},
  publisher={ERIC}
}
@techreport{sbactr,
  author = {Smarter Balanced Assessment Consortium},
  title = {Smarter Balanced 2018-19 Summative Technical Report},
  institution = {Smarter Balanced Assessment Consortium},
  year = {2020}
}
@online{sbac,
  author = {Smarter Balanced Assessment Consortium},
  title = {Smarter Balanced 2018-19 Summative Technical Report},
  year = {2020},
  url = {https://technicalreports.smarterbalanced.org/2018-19_summative-report/_book/index.html},
  urldate = {2021-02-24}
}
@article{kara2020,
  title={Estimating model-based oral reading fluency: A Bayesian approach},
  author={Kara, Yusuf and Kamata, Akihito and Potgieter, Cornelis and Nese, Joseph FT},
  journal={Educational and Psychological Measurement},
  volume={80},
  number={5},
  pages={847--869},
  year={2020},
  publisher={SAGE Publications Sage CA: Los Angeles, CA}
}
@article{meredithtisak1990,
  title={Latent curve analysis},
  author={Meredith, William and Tisak, John},
  journal={Psychometrika},
  volume={55},
  number={1},
  pages={107--122},
  year={1990},
  publisher={Springer}
}
@article{lavaan,
  title = {{lavaan}: An {R} Package for Structural Equation Modeling},
  author = {Yves Rosseel},
  journal = {Journal of Statistical Software},
  year = {2012},
  volume = {48},
  number = {2},
  pages = {1--36},
  url = {http://www.jstatsoft.org/v48/i02/},
}
@article{mcneishetal2017,
  title={On the unnecessary ubiquity of hierarchical linear modeling.},
  author={McNeish, Daniel and Stapleton, Laura M and Silverman, Rebecca D},
  journal={Psychological Methods},
  volume={22},
  number={1},
  pages={114},
  year={2017},
  publisher={American Psychological Association}
}
@article{mcneish2019,
  title={Covariance pattern mixture models: Eliminating random effects to improve convergence and performance},
  author={McNeish, Daniel and Harring, Jeffrey},
  journal={Behavior research methods},
  pages={1--33},
  year={2019},
  publisher={Springer}
}
@article{rogosaetal1983,
  title={Demonstrating the reliability of the difference score in the measurement of change},
  author={Rogosa, David R and Willett, John B},
  journal={Journal of Educational Measurement},
  pages={335--343},
  year={1983},
  publisher={JSTOR}
}
@article{willett1988chapter,
  title={Chapter 9: Questions and answers in the measurement of change},
  author={Willett, John B},
  journal={Review of research in education},
  volume={15},
  number={1},
  pages={345--422},
  year={1988},
  publisher={Sage Publications Sage CA: Thousand Oaks, CA}
}
@book{singerwillett2003,
  title={Applied longitudinal data analysis: Modeling change and event occurrence},
  author={Singer, Judith D and Willett, John B and Willett, John B and others},
  year={2003},
  publisher={Oxford university press}
}
@article{yeoetal2012,
  title={Assessing the reliability of curriculum-based measurement: An application of latent growth modeling},
  author={Yeo, Seungsoo and Kim, Dong-Il and Branum-Martin, Lee and Wayman, Miya Miura and Espin, Christine A},
  journal={Journal of School Psychology},
  volume={50},
  number={2},
  pages={275--292},
  year={2012},
  publisher={Elsevier}
}
@article{molinaro2005,
  title={Prediction error estimation: a comparison of resampling methods},
  author={Molinaro, Annette M and Simon, Richard and Pfeiffer, Ruth M},
  journal={Bioinformatics},
  volume={21},
  number={15},
  pages={3301--3307},
  year={2005},
  publisher={Oxford University Press}
}
@article{kim2009,
  title={Estimating classification error rate: Repeated cross-validation, repeated hold-out and bootstrap},
  author={Kim, Ji-Hyun},
  journal={Computational statistics \& data analysis},
  volume={53},
  number={11},
  pages={3735--3745},
  year={2009},
  publisher={Elsevier}
}

@Manual{R-base,
  title = {R: A Language and Environment for Statistical Computing},
  author = {{R Core Team}},
  organization = {R Foundation for Statistical Computing},
  address = {Vienna, Austria},
  year = {2020},
  url = {https://www.R-project.org/},
}
@Manual{papaja,
  author = {Frederik Aust and Marius Barth},
  title = {{papaja}: {Create} {APA} manuscripts with {R Markdown}},
  year = {2020},
  note = {R package version 0.1.0.9997},
  url = {https://github.com/crsh/papaja},
}
@Manual{R-dplyr,
  title = {dplyr: A Grammar of Data Manipulation},
  author = {Hadley Wickham and Romain François and Lionel {
             Henry} and Kirill Müller},
  year = {2020},
  note = {R package version 1.0.2},
  url = {https://CRAN.R-project.org/package=dplyr},
}
@Manual{R-forcats,
  title = {forcats: Tools for Working with Categorical Variables (Factors)},
  author = {Hadley Wickham},
  year = {2020},
  note = {R package version 0.5.0},
  url = {https://CRAN.R-project.org/package=forcats},
}
@Book{R-ggplot2,
  author = {Hadley Wickham},
  title = {ggplot2: Elegant Graphics for Data Analysis},
  publisher = {Springer-Verlag New York},
  year = {2016},
  isbn = {978-3-319-24277-4},
  url = {https://ggplot2.tidyverse.org},
}
@Manual{ggridges,
  title = {ggridges: Ridgeline Plots in 'ggplot2'},
  author = {Claus O. Wilke},
  year = {2020},
  note = {R package version 0.5.2},
  url = {https://CRAN.R-project.org/package=ggridges},
}
@Manual{ggthemes,
  title = {ggthemes: Extra Themes, Scales and Geoms for 'ggplot2'},
  author = {Jeffrey B. Arnold},
  year = {2019},
  note = {R package version 4.2.0},
  url = {https://CRAN.R-project.org/package=ggthemes},
}
@Manual{gt,
  title = {gt: Easily Create Presentation-Ready Display Tables},
  author = {Richard Iannone and Joe Cheng and Barret Schloerke},
  year = {2020},
  note = {R package version 0.2.2},
  url = {https://github.com/rstudio/gt},
}
@Manual{R-gtsummary,
  title = {gtsummary: Presentation-Ready Data Summary and Analytic Result Tables},
  author = {Daniel D. Sjoberg and Michael Curry and Margie Hannum and Karissa Whiting and Emily C. Zabor},
  year = {2020},
  note = {R package version 1.3.5},
  url = {https://CRAN.R-project.org/package=gtsummary},
}
@Manual{janitor,
  title = {janitor: Simple Tools for Examining and Cleaning Dirty Data},
  author = {Sam Firke},
  year = {2020},
  note = {R package version 2.0.1},
  url = {https://CRAN.R-project.org/package=janitor},
}
@Manual{R-purrr,
  title = {purrr: Functional Programming Tools},
  author = {Lionel Henry and Hadley Wickham},
  year = {2020},
  note = {R package version 0.3.4},
  url = {https://CRAN.R-project.org/package=purrr},
}
@Manual{R-readr,
  title = {readr: Read Rectangular Text Data},
  author = {Hadley Wickham and Jim Hester},
  year = {2020},
  note = {R package version 1.4.0},
  url = {https://CRAN.R-project.org/package=readr},
}
@Manual{R-stringr,
  title = {stringr: Simple, Consistent Wrappers for Common String Operations},
  author = {Hadley Wickham},
  year = {2019},
  note = {R package version 1.4.0},
  url = {https://CRAN.R-project.org/package=stringr},
}
@Manual{R-tibble,
  title = {tibble: Simple Data Frames},
  author = {Kirill Müller and Hadley Wickham},
  year = {2020},
  note = {R package version 3.0.4},
  url = {https://CRAN.R-project.org/package=tibble},
}
@Manual{R-tidyr,
  title = {tidyr: Tidy Messy Data},
  author = {Hadley Wickham},
  year = {2020},
  note = {R package version 1.1.2},
  url = {https://CRAN.R-project.org/package=tidyr},
}
@Article{tidyverse,
  title = {Welcome to the {tidyverse}},
  author = {Hadley Wickham and Mara Averick and Jennifer Bryan and Winston Chang and Lucy D'Agostino McGowan and Romain François and Garrett Grolemund and Alex Hayes and Lionel Henry and Jim Hester and Max Kuhn and Thomas Lin Pedersen and Evan Miller and Stephan Milton Bache and Kirill Müller and Jeroen Ooms and David Robinson and Dana Paige Seidel and Vitalie Spinu and Kohske Takahashi and Davis Vaughan and Claus Wilke and Kara Woo and Hiroaki Yutani},
  year = {2019},
  journal = {Journal of Open Source Software},
  volume = {4},
  number = {43},
  pages = {1686},
  doi = {10.21105/joss.01686},
}
@Manual{broom,
  title = {broom: Convert Statistical Objects into Tidy Tibbles},
  author = {David Robinson and Alex Hayes and Simon Couch},
  year = {2021},
  note = {R package version 0.7.5},
  url = {https://CRAN.R-project.org/package=broom},
}
@Manual{dials,
  title = {dials: Tools for Creating Tuning Parameter Values},
  author = {Max Kuhn},
  year = {2020},
  note = {R package version 0.0.9},
  url = {https://CRAN.R-project.org/package=dials},
}
@Manual{doParallel,
  title = {doParallel: Foreach Parallel Adaptor for the 'parallel' Package},
  author = {Microsoft Corporation and Steve Weston},
  year = {2020},
  note = {R package version 1.0.16},
  url = {https://CRAN.R-project.org/package=doParallel},
}
@Manual{foreach,
  title = {foreach: Provides Foreach Looping Construct},
  author = {{Microsoft} and Steve Weston},
  year = {2020},
  note = {R package version 1.5.1},
  url = {https://CRAN.R-project.org/package=foreach},
}
@Manual{infer,
  title = {infer: Tidy Statistical Inference},
  author = {Andrew Bray and Chester Ismay and Evgeni Chasnovski and Ben Baumer and Mine Cetinkaya-Rundel},
  year = {2021},
  note = {R package version 0.5.4},
  url = {https://CRAN.R-project.org/package=infer},
}
@Manual{iterators,
  title = {iterators: Provides Iterator Construct},
  author = {Revolution Analytics and Steve Weston},
  year = {2020},
  note = {R package version 1.0.13},
  url = {https://CRAN.R-project.org/package=iterators},
}
@Manual{modeldata,
  title = {modeldata: Data Sets Used Useful for Modeling Packages},
  author = {Max Kuhn},
  year = {2020},
  note = {R package version 0.1.0},
  url = {https://CRAN.R-project.org/package=modeldata},
}
@Manual{R-parsnip,
  title = {parsnip: A Common API to Modeling and Analysis Functions},
  author = {Max Kuhn and Davis Vaughan},
  year = {2021},
  note = {R package version 0.1.5},
  url = {https://CRAN.R-project.org/package=parsnip},
}
@Manual{patchwork,
  title = {patchwork: The Composer of Plots},
  author = {Thomas Lin Pedersen},
  year = {2020},
  note = {R package version 1.1.1},
  url = {https://CRAN.R-project.org/package=patchwork},
}
@Manual{R-recipes,
  title = {recipes: Preprocessing Tools to Create Design Matrices},
  author = {Max Kuhn and Hadley Wickham},
  year = {2020},
  note = {R package version 0.1.15},
  url = {https://CRAN.R-project.org/package=recipes},
}
@Manual{R-rsample,
  title = {rsample: General Resampling Infrastructure},
  author = {Julia Silge and Fanny Chow and Max Kuhn and Hadley Wickham},
  year = {2021},
  note = {R package version 0.0.9},
  url = {https://CRAN.R-project.org/package=rsample},
}
@Manual{R-scales,
  title = {scales: Scale Functions for Visualization},
  author = {Hadley Wickham and Dana Seidel},
  year = {2020},
  note = {R package version 1.1.1},
  url = {https://CRAN.R-project.org/package=scales},
}
@Manual{tidymodels,
  title = {Tidymodels: a collection of packages for modeling and machine learning using tidyverse principles.},
  author = {Max Kuhn and Hadley Wickham},
  url = {https://www.tidymodels.org},
  year = {2020},
}
@Manual{R-tune,
  title = {tune: Tidy Tuning Tools},
  author = {Max Kuhn},
  year = {2020},
  note = {R package version 0.1.2},
  url = {https://CRAN.R-project.org/package=tune},
}
@Manual{R-workflows,
  title = {workflows: Modeling Workflows},
  author = {Davis Vaughan},
  year = {2020},
  note = {R package version 0.2.1},
  url = {https://CRAN.R-project.org/package=workflows},
}
@Manual{R-yardstick,
  title = {yardstick: Tidy Characterizations of Model Performance},
  author = {Max Kuhn and Davis Vaughan},
  year = {2020},
  note = {R package version 0.0.7},
  url = {https://CRAN.R-project.org/package=yardstick},
}
@Manual{R-broom,
  title = {broom: Convert Statistical Objects into Tidy Tibbles},
  author = {David Robinson and Alex Hayes and Simon Couch},
  year = {2021},
  note = {R package version 0.7.6},
  url = {https://CRAN.R-project.org/package=broom},
}
@Manual{R-dials,
  title = {dials: Tools for Creating Tuning Parameter Values},
  author = {Max Kuhn},
  year = {2020},
  note = {R package version 0.0.9},
  url = {https://CRAN.R-project.org/package=dials},
}
@Manual{R-doParallel,
  title = {doParallel: Foreach Parallel Adaptor for the 'parallel' Package},
  author = {Microsoft Corporation and Steve Weston},
  year = {2020},
  note = {R package version 1.0.16},
  url = {https://CRAN.R-project.org/package=doParallel},
}
@Manual{R-foreach,
  title = {foreach: Provides Foreach Looping Construct},
  author = {{Microsoft} and Steve Weston},
  year = {2020},
  note = {R package version 1.5.1},
  url = {https://CRAN.R-project.org/package=foreach},
}
@Manual{R-ggridges,
  title = {ggridges: Ridgeline Plots in 'ggplot2'},
  author = {Claus O. Wilke},
  year = {2021},
  note = {R package version 0.5.3},
  url = {https://CRAN.R-project.org/package=ggridges},
}
@Manual{R-ggthemes,
  title = {ggthemes: Extra Themes, Scales and Geoms for 'ggplot2'},
  author = {Jeffrey B. Arnold},
  year = {2021},
  note = {R package version 4.2.4},
  url = {https://CRAN.R-project.org/package=ggthemes},
}
@Manual{R-infer,
  title = {infer: Tidy Statistical Inference},
  author = {Andrew Bray and Chester Ismay and Evgeni Chasnovski and Ben Baumer and Mine Cetinkaya-Rundel},
  year = {2021},
  note = {R package version 0.5.4},
  url = {https://CRAN.R-project.org/package=infer},
}
@Manual{R-iterators,
  title = {iterators: Provides Iterator Construct},
  author = {Revolution Analytics and Steve Weston},
  year = {2020},
  note = {R package version 1.0.13},
  url = {https://CRAN.R-project.org/package=iterators},
}
@Manual{R-janitor,
  title = {janitor: Simple Tools for Examining and Cleaning Dirty Data},
  author = {Sam Firke},
  year = {2021},
  note = {R package version 2.1.0},
  url = {https://CRAN.R-project.org/package=janitor},
}
@Article{R-lavaan,
  title = {{lavaan}: An {R} Package for Structural Equation Modeling},
  author = {Yves Rosseel},
  journal = {Journal of Statistical Software},
  year = {2012},
  volume = {48},
  number = {2},
  pages = {1--36},
  url = {https://www.jstatsoft.org/v48/i02/},
}
@Manual{R-modeldata,
  title = {modeldata: Data Sets Used Useful for Modeling Packages},
  author = {Max Kuhn},
  year = {2020},
  note = {R package version 0.1.0},
  url = {https://CRAN.R-project.org/package=modeldata},
}
@Manual{R-papaja,
  author = {Frederik Aust and Marius Barth},
  title = {{papaja}: {Create} {APA} manuscripts with {R Markdown}},
  year = {2020},
  note = {R package version 0.1.0.9997},
  url = {https://github.com/crsh/papaja},
}
@Manual{R-patchwork,
  title = {patchwork: The Composer of Plots},
  author = {Thomas Lin Pedersen},
  year = {2020},
  note = {R package version 1.1.1},
  url = {https://CRAN.R-project.org/package=patchwork},
}
@Manual{R-tidymodels,
  title = {Tidymodels: a collection of packages for modeling and machine learning using tidyverse principles.},
  author = {Max Kuhn and Hadley Wickham},
  url = {https://www.tidymodels.org},
  year = {2020},
}
@Article{R-tidyverse,
  title = {Welcome to the {tidyverse}},
  author = {Hadley Wickham and Mara Averick and Jennifer Bryan and Winston Chang and Lucy D'Agostino McGowan and Romain François and Garrett Grolemund and Alex Hayes and Lionel Henry and Jim Hester and Max Kuhn and Thomas Lin Pedersen and Evan Miller and Stephan Milton Bache and Kirill Müller and Jeroen Ooms and David Robinson and Dana Paige Seidel and Vitalie Spinu and Kohske Takahashi and Davis Vaughan and Claus Wilke and Kara Woo and Hiroaki Yutani},
  year = {2019},
  journal = {Journal of Open Source Software},
  volume = {4},
  number = {43},
  pages = {1686},
  doi = {10.21105/joss.01686},
}
